@book{oksendalSDE,
  author    = {Bernt {\O}ksendal},
  title     = {Stochastic Differential Equations: An Introduction with Applications},
  publisher = {Springer},
  year      = {2003},
  edition   = {6th}
}

@book{evansPDE,
  author    = {Lawrence C. Evans},
  title     = {Partial Differential Equations},
  publisher = {American Mathematical Society},
  year      = {2010},
  edition   = {2nd}
}

@book{karatzasShreve,
  author    = {Ioannis Karatzas and Steven E. Shreve},
  title     = {Brownian Motion and Stochastic Calculus},
  publisher = {Springer},
  year      = {1991},
  edition   = {2nd}
}

@book{billingsley,
  author    = {Patrick Billingsley},
  title     = {Probability and Measure},
  publisher = {Wiley},
  year      = {1995},
  edition   = {3rd}
}

@book{ross,
  author    = {Sheldon M. Ross},
  title     = {Introduction to Probability Models},
  publisher = {Academic Press},
  year      = {2014},
  edition   = {11th}
}

@article{ito1944,
  author    = {Kiyosi It√¥},
  title     = {Stochastic Integral},
  journal   = {Proceedings of the Imperial Academy},
  year      = {1944},
  volume    = {20},
  pages     = {519--524}
}

@book{arnoldSDE,
  author    = {Ludwig Arnold},
  title     = {Stochastic Differential Equations: Theory and Applications},
  publisher = {Wiley},
  year      = {1974}
}

@book{freidlin,
  author    = {Mark Freidlin},
  title     = {Functional Integration and Partial Differential Equations},
  publisher = {Princeton University Press},
  year      = {1985}
}

@book{shreveStochCalcFinance,
  author    = {Steven E. Shreve},
  title     = {Stochastic Calculus for Finance II: Continuous-Time Models},
  publisher = {Springer},
  year      = {2004}
}

@book{bjork,
  author    = {Tomas Bj{\"o}rk},
  title     = {Arbitrage Theory in Continuous Time},
  publisher = {Oxford University Press},
  year      = {2009},
  edition   = {3rd}
}

@book{glasserman,
  author    = {Paul Glasserman},
  title     = {Monte Carlo Methods in Financial Engineering},
  publisher = {Springer},
  year      = {2004}
}

@book{logan,
  author    = {J. David Logan},
  title     = {Applied Mathematics},
  publisher = {John Wiley \& Sons},
  year      = {2006},
  edition   = {3rd}
}

@book{taylorPDE,
  author    = {Michael E. Taylor},
  title     = {Partial Differential Equations I: Basic Theory},
  publisher = {Springer},
  year      = {1996}
}

@book{ethierKurtz,
  author    = {Stewart N. Ethier and Thomas G. Kurtz},
  title     = {Markov Processes: Characterization and Convergence},
  publisher = {Wiley},
  year      = {1986}
}